<?xml version="1.0" encoding="UTF-8"?><collection xmlns="http://www.loc.gov/MARC21/slim"><record><leader>00433nam--2200169-u-4500</leader><controlfield tag="001">000052279</controlfield><controlfield tag="002">20161230</controlfield><controlfield tag="005">20161230201050</controlfield><controlfield tag="008">100610s1000------------r-----000-0-eng-d</controlfield><datafield ind1=" " ind2=" " tag="040"><subfield code="a">IFIN-HH</subfield></datafield><datafield ind1=" " ind2=" " tag="080"><subfield code="a">519.2 : 519.173</subfield></datafield><datafield ind1="1" ind2=" " tag="100"><subfield code="a">Serra, J</subfield></datafield><datafield ind1="1" ind2="0" tag="245"><subfield code="a">Image Analysis and Mathematical Morphology</subfield><subfield code="c">J. Serra</subfield></datafield><datafield ind1=" " ind2=" " tag="260"><subfield code="a">London</subfield><subfield code="b">Academic Press</subfield><subfield code="c">1982</subfield></datafield><datafield ind1=" " ind2=" " tag="300"><subfield code="a">610 p</subfield></datafield><datafield ind1=" " ind2=" " tag="852"><subfield code="a">71384</subfield><subfield code="c">519.2</subfield></datafield><datafield ind1=" " ind2=" " tag="CAT"><subfield code="a">Sys</subfield><subfield code="c">20100610</subfield><subfield code="h">114837</subfield></datafield></record></collection>